@book{Zampirolli2023:MCTest,
  author = {Zampirolli, Francisco de Assis},
  title = {MCTest: como criar e corrigir exames parametrizados automaticamente},
  year = {2023},
  publisher = {Edição do Autor},
  address = {Santo André, SP},
  pages = {xxiv, 244},
  isbn = {978-65-00-79086-3},
  note = {1a Edição},
  keywords = {Avaliação da Aprendizagem, Correção Automática, Questão Paramétrica, Programação -- Problemas e Exercícios, Moodle},
  series = {CDD 22 ed. -- 005.4}
}


@article{presedo2015calibracion,
  title={Calibraci{\'o}n de {\'\i}tems v{\'\i}a expertos utilizando Moodle},
  author={Presedo, Concepci{\'o}n and Arm{\'e}ndariz, Ana J and L{\'o}pez-Cuadrado, Javier and P{\'e}rez, Tom{\'a}s A},
  journal={Revista Ibero-americana de Educa{\c{c}}{\~a}o},
  volume={69},
  number={1},
  pages={117--132},
  year={2015}
}

@article{min2021systematic,
  title={A systematic review of item response theory in language assessment: Implications for the dimensionality of language ability},
  author={Min, Shangchao and Aryadoust, Vahid},
  journal={Studies in Educational Evaluation},
  volume={68},
  pages={100963},
  year={2021},
  publisher={Elsevier}
}
@book{WaldGR,
  title = {General Relativity},
  author = {Wald, Robert M.},
  date = {1984},
  publisher = {University of Chicago Press},
  location = {Chicago}
}

@inproceedings{de2019convolutional,
  title={Convolutional Neural Network Applied to Code Assignment Grading.},
  author={De Souza, F{\'a}bio Rezende and Zampirolli, Francisco de Assis and Kobayashi, Guiou},
  booktitle={CSEDU (1)},
  pages={62--69},
  year={2019}
}

@article{lamport1985latex,
  title={LATEX--A Document Preparation System Addison--Wesley},
  author={Lamport, Leslie},
  journal={Reading, MA},
  year={1985}
}

@article{birnbaum1968some,
  title={Some latent trait models and their use in inferring an examinee's ability},
  author={Birnbaum, A.L.},
  journal={Statistical theories of mental test scores},
  year={1968},
  publisher={Addison-Wesley}
}

@book{Choquet-BruhatGR,
  title = {General Relativity and the Einstein Equations},
  author = {Choquet-Bruhat, Yvonne},
  date = {2009},
  volume = {I},
  publisher = {Oxford University Press},
  location = {Oxford}
}

@book{Choquet-BruhatGR2,
    title = {Introduction to general relativity, black holes, and cosmology},
    author = {Choquet-Bruhat, Yvonne},
    date = {2015},
    volume = {I},
    publisher = {Oxford University Press},
    location = {Oxford}
}

@article{jw1977exploratory,
  title={Exploratory data analysis},
  author={Jw, T},
  journal={Reading: Addison-Wesley},
  year={1977}
}

@article{hintze1998violin,
  title={Violin plots: a box plot-density trace synergism},
  author={Hintze, J.L. and Nelson, R.D.},
  journal={The American Statistician},
  volume={52},
  number={2},
  pages={181--184},
  year={1998},
  publisher={Taylor \& Francis}
}


@article{rodriguez2012virtual,
  title={A Virtual Programming Lab for Moodle with automatic assessment and anti-plagiarism features},
  author={Rodr{\'\i}guez-del-Pino, Juan Carlos and Rubio Royo, Enrique and Hern{\'a}ndez Figueroa, Zen{\'o}n},
  year={2012}
}

@inproceedings{hogan2023cs0,
  title={{CS0} vs. {CS1}: Understanding Fears and Confidence amongst Non-majors in Introductory {CS} Courses},
  author={Hogan, Emma and Li, Ruoxuan and Soosai Raj, Adalbert Gerald},
  booktitle={Proceedings of the 54th ACM Technical Symposium on Computer Science Education V. 1},
  pages={25--31},
  year={2023}
}

@InProceedings{2023:Josko.Zampirolli,
  author	= {Josko, Jo{\~a}o Marcelo and Zampirolli, Francisco de Assis},
  title		= {Introducing programming logic consistently through gamification},
  booktitle	= {Simp{\'o}sio Brasileiro de Inform{\'a}tica na
		  Educa{\c{c}}{\~a}o},
  year		= {2023}
}

@InProceedings{2023:Teubl.Zampirolli,
  author	= {Teubl, Fernando and Zampirolli, Francisco de Assis},
  title		= {Automated Correction for Trace Tables in a {CS1} Course},
  booktitle	= {Simp{\'o}sio Brasileiro de Inform{\'a}tica na
		  Educa{\c{c}}{\~a}o},
  year		= {2023}
}

@inproceedings{2024:Zampirolli.Josko-PDI,
  author	= {Zampirolli, Francisco de Assis and Josko, Jo{\~a}o Marcelo and Teubl, Fernando and Kurashima, Celso Setsuo},
 title = {A Practical Digital Image Processing Course with morph.py},
 booktitle = {Anais do IV Simpósio Brasileiro de Educação em Computação},
 location = {Evento Online},
 year = {2024},
 pages = {304--313},
 publisher = {SBC},
 address = {Porto Alegre, RS, Brasil},
 doi = {10.5753/educomp.2024.237274},
 url = {https://sol.sbc.org.br/index.php/educomp/article/view/28199}
}


@book{gonzalez2009processamento,
  title={Processamento digital de imagens.},
  author={Gonzalez, Rafael C and Woods, Richard C},
  year={2009},
  publisher={Pearson Educaci{\'o}n}
}



@misc{ia898,
  author = {Lotufo, Roberto de Alencar},
  title = {{Set of functions used in the course IA898 - Digital Image Processing}},
  year = {2017},
  howpublished = {\url{https://github.com/robertoalotufo/ia898}},
  note = {GitHub repository},
}

@misc{ia898p3,
  author = {Lotufo, Roberto de Alencar},
  title = {{Set of functions used in the course IA870 - Mathematical Morphology}},
  year = {2019},
  howpublished = {\url{https://github.com/robertoalotufo/ia870p3}},
  note = {GitHub repository},
}

@book{dougherty2003hands,
  title     = {Hands-on morphological image processing},
  author    = {Dougherty, Edward R. and Lotufo, Roberto de Alencar},
  volume    = {59},
  year      = {2003},
  publisher = {SPIE press}
}

@article{araujoestudo2020,
  title={Estudo da Taxonomia de Bloom e Cria{\c{c}}{\~a}o de um Instrumento de Medi{\c{c}}{\~a}o do N{\'\i}vel de Bloom no contexto de MC102},
  author={Ara{\'u}jo, G and Caceffo, R and Garcia, I and Azevedo, R},
  year = {2020},
  publisher = {UNICAMP-IC}
}


@article{tukey1977box,
  title={Box-and-whisker plots},
  author={Tukey, John W},
  journal={Exploratory data analysis},
  pages={39--43},
  year={1977},
  publisher={Addison-Wesley Reading, MA, USA}
}

@article{hintze1998violin,
  title={Violin plots: a box plot-density trace synergism},
  author={Hintze, Jerry L and Nelson, Ray D},
  journal={The American Statistician},
  volume={52},
  number={2},
  pages={181--184},
  year={1998},
  publisher={Taylor \& Francis}
}

@misc{lowry2014concepts,
  author={Lowry, Richard},
  title={Concepts and applications of inferential statistics},
  howpublished = "\url{http://vassarstats.net/textbook}",
  year = {2014}, 
  note = "[Online; accessed 1912-Mai-2024]"
}
